@inproceedings{Wobbrock:2007:GWL:1294211.1294238,
 author = {Wobbrock, Jacob O. and Wilson, Andrew D. and Li, Yang},
 title = {Gestures {W}ithout {L}ibraries, {T}oolkits or {T}raining: A \$1 {R}ecognizer for {U}ser {I}nterface {P}rototypes},
 booktitle = {Proceedings of the 20th Annual ACM Symposium on User Interface Software and Technology},
 series = {UIST '07},
 year = {2007},
 isbn = {978-1-59593-679-0},
 location = {Newport, Rhode Island, USA},
 pages = {159--168},
 numpages = {10},
 url = {http://doi.acm.org/10.1145/1294211.1294238},
 doi = {10.1145/1294211.1294238},
 acmid = {1294238},
 publisher = {ACM},
 address = {New York, NY, USA},
 keywords = {dynamic time warping, gesture recognition, marks, rapid prototyping, recognition rates, rubine, statistical classifiers, strokes, symbols, unistrokes, user interfaces},
} 

@inproceedings{Rubine:1991:SGE:122718.122753,
 author = {Rubine, Dean},
 title = {Specifying {G}estures by {E}xample},
 booktitle = {Proceedings of the 18th Annual Conference on Computer Graphics and Interactive Techniques},
 series = {SIGGRAPH '91},
 year = {1991},
 isbn = {0-89791-436-8},
 pages = {329--337},
 numpages = {9},
 url = {http://doi.acm.org/10.1145/122718.122753},
 doi = {10.1145/122718.122753},
 acmid = {122753},
 publisher = {ACM},
 address = {New York, NY, USA},
 keywords = {gesture, interaction techniques, statistical pattern recognition, user interface toolkits},
} 

@article{Salvador:2007:TAD:1367985.1367993,
 author = {Salvador, Stan and Chan, Philip},
 title = {Toward {A}ccurate {D}ynamic {T}ime {W}arping in {L}inear {T}ime and {S}pace},
 journal = {Intelligent Data Analysis},
 issue_date = {October 2007},
 volume = {11},
 number = {5},
 month = oct,
 year = {2007},
 issn = {1088-467X},
 pages = {561--580},
 numpages = {20},
 url = {http://dl.acm.org/citation.cfm?id=1367985.1367993},
 acmid = {1367993},
 publisher = {IOS Press},
 address = {Amsterdam, The Netherlands, The Netherlands},
 keywords = {Dynamic time warping, time series, time series alignment, time series similarity},
} 

@inproceedings{Anthony:2010:LMR:1839214.1839258,
 author = {Anthony, Lisa and Wobbrock, Jacob O.},
 title = {A {L}ightweight {M}ultistroke {R}ecognizer for {U}ser {I}nterface {P}rototypes},
 booktitle = {Proceedings of Graphics Interface 2010},
 series = {GI '10},
 year = {2010},
 isbn = {978-1-56881-712-5},
 location = {Ottawa, Ontario, Canada},
 pages = {245--252},
 numpages = {8},
 url = {http://dl.acm.org/citation.cfm?id=1839214.1839258},
 acmid = {1839258},
 publisher = {Canadian Information Processing Society},
 address = {Toronto, Ont., Canada, Canada},
 keywords = {gesture recognition, marks, multistrokes, rapid prototyping, stroke recognition, symbols, unistrokes, user interfaces},
} 

@inproceedings{Kratz:2010:RSG:1719970.1720051,
 author = {Kratz, Sven and Rohs, Michael},
 title = {The \$3 {R}ecognizer: {S}imple 3{D} {G}esture {R}ecognition on {M}obile {D}evices},
 booktitle = {Proceedings of the 15th International Conference on Intelligent User Interfaces},
 series = {IUI '10},
 year = {2010},
 isbn = {978-1-60558-515-4},
 location = {Hong Kong, China},
 pages = {419--420},
 numpages = {2},
 url = {http://doi.acm.org/10.1145/1719970.1720051},
 doi = {10.1145/1719970.1720051},
 acmid = {1720051},
 publisher = {ACM},
 address = {New York, NY, USA},
 keywords = {3D gestures, classifier, gesture recognition, rapid prototyping, recognition rates, user interfaces},
} 

@inproceedings{Ruiz:2011:UMG:1978942.1978971,
 author = {Ruiz, Jaime and Li, Yang and Lank, Edward},
 title = {User-defined {M}otion {G}estures for {M}obile {I}nteraction},
 booktitle = {Proceedings of the SIGCHI Conference on Human Factors in Computing Systems},
 series = {CHI '11},
 year = {2011},
 isbn = {978-1-4503-0228-9},
 location = {Vancouver, BC, Canada},
 pages = {197--206},
 numpages = {10},
 url = {http://doi.acm.org/10.1145/1978942.1978971},
 doi = {10.1145/1978942.1978971},
 acmid = {1978971},
 publisher = {ACM},
 address = {New York, NY, USA},
 keywords = {mobile interaction, motion gestures, sensors},
} 

@inproceedings{Vatavu:2012:UGF:2325616.2325626,
 author = {Vatavu, Radu-Daniel},
 title = {User-defined {G}estures for {F}ree-hand {T}{V} {C}ontrol},
 booktitle = {Proceedings of the 10th European Conference on Interactive {t}{v} and {v}ideo},
 series = {EuroiTV '12},
 year = {2012},
 isbn = {978-1-4503-1107-6},
 location = {Berlin, Germany},
 pages = {45--48},
 numpages = {4},
 url = {http://doi.acm.org/10.1145/2325616.2325626},
 doi = {10.1145/2325616.2325626},
 acmid = {2325626},
 publisher = {ACM},
 address = {New York, NY, USA},
 keywords = {Kinect, TV, experiment, free-hand, gesture recognition, gestures, guessability, interactive TV, living room, study, user-defined},
} 

@inproceedings{Bragdon:2011:EAT:1978942.1979000,
 author = {Bragdon, Andrew and Nelson, Eugene and Li, Yang and Hinckley, Ken},
 title = {Experimental {A}nalysis of {T}ouch-screen {G}esture {D}esigns in {M}obile {E}nvironments},
 booktitle = {Proceedings of the SIGCHI Conference on Human Factors in Computing Systems},
 series = {CHI '11},
 year = {2011},
 isbn = {978-1-4503-0228-9},
 location = {Vancouver, BC, Canada},
 pages = {403--412},
 numpages = {10},
 url = {http://doi.acm.org/10.1145/1978942.1979000},
 doi = {10.1145/1978942.1979000},
 acmid = {1979000},
 publisher = {ACM},
 address = {New York, NY, USA},
 keywords = {evaluation, gestures, mobile phones, performance, touch},
} 

@inproceedings{Lu:2012:GCT:2207676.2208693,
 author = {L\"{u}, Hao and Li, Yang},
 title = {Gesture {C}oder: {A} {T}ool for {P}rogramming {M}ulti-touch {G}estures by {D}emonstration},
 booktitle = {Proceedings of the SIGCHI Conference on Human Factors in Computing Systems},
 series = {CHI '12},
 year = {2012},
 isbn = {978-1-4503-1015-4},
 location = {Austin, Texas, USA},
 pages = {2875--2884},
 numpages = {10},
 url = {http://doi.acm.org/10.1145/2207676.2208693},
 doi = {10.1145/2207676.2208693},
 acmid = {2208693},
 publisher = {ACM},
 address = {New York, NY, USA},
 keywords = {decision trees, eclipse plug-in., multi-touch gestures, programming by demonstration, state machines},
} 

@inproceedings{Hong00constructingfinite,
    author = {Pengyu Hong and Matthew Turk and Thomas S. Huang},
    title = {Constructing {F}inite {S}tate {M}achines for {F}ast {G}esture {R}ecognition},
    booktitle = {Proceedings 15th International Conference on Pattern Recognition},
    year = {2000},
    pages = {691--694}
}

@inproceedings{Anderson2004HiddenMM,
  title={Hidden {M}arkov {M}odel {S}ymbol {R}ecognition for {S}ketch-based {I}nterfaces},
  author={Derek Anderson and Craig Bailey and Marjorie Skubic},
  year={2004}
}

@inproceedings{Sezgin:2005:HES:1040830.1040899,
 author = {Sezgin, Tevfik Metin and Davis, Randall},
 title = {HMM-based {E}fficient {S}ketch {R}ecognition},
 booktitle = {Proceedings of the 10th International Conference on Intelligent User Interfaces},
 series = {IUI '05},
 year = {2005},
 isbn = {1-58113-894-6},
 location = {San Diego, California, USA},
 pages = {281--283},
 numpages = {3},
 url = {http://doi.acm.org/10.1145/1040830.1040899},
 doi = {10.1145/1040830.1040899},
 acmid = {1040899},
 publisher = {ACM},
 address = {New York, NY, USA},
 keywords = {enabling input technologies, intelligent user interfaces, interpretation of user input, sketch recognition},
}

@inproceedings{Pittman:1991:RHT:108844.108914,
 author = {Pittman, James A.},
 title = {Recognizing {H}andwritten {T}ext},
 booktitle = {Proceedings of the SIGCHI Conference on Human Factors in Computing Systems},
 series = {CHI '91},
 year = {1991},
 isbn = {0-89791-383-3},
 location = {New Orleans, Louisiana, USA},
 pages = {271--275},
 numpages = {5},
 url = {http://doi.acm.org/10.1145/108844.108914},
 doi = {10.1145/108844.108914},
 acmid = {108914},
 publisher = {ACM},
 address = {New York, NY, USA},
} 

@article{Rubine:1991:SGE:127719.122753,
 author = {Rubine, Dean},
 title = {Specifying {G}estures by {E}xample},
 journal = {SIGGRAPH Computer Graphics},
 issue_date = {July 1991},
 volume = {25},
 number = {4},
 month = jul,
 year = {1991},
 issn = {0097-8930},
 pages = {329--337},
 numpages = {9},
 url = {http://doi.acm.org/10.1145/127719.122753},
 doi = {10.1145/127719.122753},
 acmid = {122753},
 publisher = {ACM},
 address = {New York, NY, USA},
 keywords = {gesture, interaction techniques, statistical pattern recognition, user interface toolkits},
} 

@article{Cho:2006:NGR:1711617.1711649,
 author = {Cho, Mi Gyung},
 title = {A {N}ew {G}esture {R}ecognition {A}lgorithm and {S}egmentation {M}ethod of {K}orean {S}cripts for {G}esture-allowed {I}nk {E}ditor},
 journal = {Information Sciences},
 issue_date = {May, 2006},
 volume = {176},
 number = {9},
 month = may,
 year = {2006},
 issn = {0020-0255},
 pages = {1290--1303},
 numpages = {14},
 url = {http://dx.doi.org/10.1016/j.ins.2005.04.006},
 doi = {10.1016/j.ins.2005.04.006},
 acmid = {1711649},
 publisher = {Elsevier Science Inc.},
 address = {New York, NY, USA},
 keywords = {Editor, Electronic ink, Gesture recognition, Pen-based computers, Segmentation of Korean scripts},
} 

@article{Tappert:1982:CSR:1664966.1664979,
 author = {Tappert, Charles. C.},
 title = {Cursive {S}cript {R}ecognition by {E}lastic {M}atching},
 journal = {IBM Journal of Reseach and Development},
 issue_date = {November 1982},
 volume = {26},
 number = {6},
 month = nov,
 year = {1982},
 issn = {0018-8646},
 pages = {765--771},
 numpages = {7},
 url = {http://dx.doi.org/10.1147/rd.266.0765},
 doi = {10.1147/rd.266.0765},
 acmid = {1664979},
 publisher = {IBM Corp.},
 address = {Riverton, NJ, USA},
} 

@inproceedings{Hong:2000:STI:354401.354412,
 author = {Hong, Jason I. and Landay, James A.},
 title = {{S}{A}{T}{I}{N}: {A} {T}oolkit for {I}nformal {I}nk-based {A}pplications},
 booktitle = {Proceedings of the 13th Annual ACM Symposium on User Interface Software and Technology},
 series = {UIST '00},
 year = {2000},
 isbn = {1-58113-212-3},
 location = {San Diego, California, USA},
 pages = {63--72},
 numpages = {10},
 url = {http://doi.acm.org/10.1145/354401.354412},
 doi = {10.1145/354401.354412},
 acmid = {354412},
 publisher = {ACM},
 address = {New York, NY, USA},
 keywords = {SATIN, gesture, informal, ink, interpreter, pen, recognition, recognizer, sketching, toolkits},
} 

@inproceedings{Henry:1990:IGS:97924.97938,
 author = {Henry, Tyson R. and Hudson, Scott E. and Newell, Gary L.},
 title = {Integrating {G}esture and {S}napping into a {U}ser {I}nterface {T}oolkit},
 booktitle = {Proceedings of the 3rd Annual ACM SIGGRAPH Symposium on User Interface Software and Technology},
 series = {UIST '90},
 year = {1990},
 isbn = {0-89791-410-4},
 location = {Snowbird, Utah, USA},
 pages = {112--122},
 numpages = {11},
 url = {http://doi.acm.org/10.1145/97924.97938},
 doi = {10.1145/97924.97938},
 acmid = {97938},
 publisher = {ACM},
 address = {New York, NY, USA},
} 

@inproceedings{Landay:1993:EEU:259964.260123,
 author = {Landay, James A. and Myers, Brad A.},
 title = {Extending an {E}xisting {U}ser {I}nterface {T}oolkit to {S}upport {G}esture {R}ecognition},
 booktitle = {INTERACT '93 and CHI '93 Conference Companion on Human Factors in Computing Systems},
 series = {CHI '93},
 year = {1993},
 isbn = {0-89791-574-7},
 location = {Amsterdam, The Netherlands},
 pages = {91--92},
 numpages = {2},
 url = {http://doi.acm.org/10.1145/259964.260123},
 doi = {10.1145/259964.260123},
 acmid = {260123},
 publisher = {ACM},
 address = {New York, NY, USA},
}

@article{Myers:1997:AEN:262050.260628,
 author = {Myers, Brad A. and McDaniel, Richard G. and Miller, Robert C. and Ferrency, Alan S. and Faulring, Andrew and Kyle, Bruce D. and Mickish, Andrew and Klimovitski, Alex and Doane, Patrick},
 title = {The {A}mulet {E}nvironment: {N}ew {M}odels for {E}ffective {U}ser {I}nterface {S}oftware {D}evelopment},
 journal = {IEEE Transactions on Software Engineering},
 issue_date = {June 1997},
 volume = {23},
 number = {6},
 month = jun,
 year = {1997},
 issn = {0098-5589},
 pages = {347--365},
 numpages = {19},
 url = {http://dx.doi.org/10.1109/32.601073},
 doi = {10.1109/32.601073},
 acmid = {260628},
 publisher = {IEEE Press},
 address = {Piscataway, NJ, USA},
 keywords = {Toolkits, user interface tools, user interface development environments, user interface management systems (UIMSs).},
} 

@inproceedings{Wobbrock:2009:UGS:1518701.1518866,
 author = {Wobbrock, Jacob O. and Morris, Meredith Ringel and Wilson, Andrew D.},
 title = {User-defined {G}estures for {S}urface {C}omputing},
 booktitle = {Proceedings of the SIGCHI Conference on Human Factors in Computing Systems},
 series = {CHI '09},
 year = {2009},
 isbn = {978-1-60558-246-7},
 location = {Boston, MA, USA},
 pages = {1083--1092},
 numpages = {10},
 url = {http://doi.acm.org/10.1145/1518701.1518866},
 doi = {10.1145/1518701.1518866},
 acmid = {1518866},
 publisher = {ACM},
 address = {New York, NY, USA},
 keywords = {gesture recognition, gestures, guessability, referents, signs, surface, tabletop, think-aloud},
} 

@inproceedings{Shimon:2015:EUB:2785830.2785890,
 author = {Shimon, Shaikh Shawon Arefin and Morrison-Smith, Sarah and John, Noah and Fahimi, Ghazal and Ruiz, Jaime},
 title = {Exploring {U}ser-{D}efined {B}ack-{O}f-{D}evice {G}estures for {M}obile {D}evices},
 booktitle = {Proceedings of the 17th International Conference on Human-Computer Interaction with Mobile Devices and Services},
 series = {MobileHCI '15},
 year = {2015},
 isbn = {978-1-4503-3652-9},
 location = {Copenhagen, Denmark},
 pages = {227--232},
 numpages = {6},
 url = {http://doi.acm.org/10.1145/2785830.2785890},
 doi = {10.1145/2785830.2785890},
 acmid = {2785890},
 publisher = {ACM},
 address = {New York, NY, USA},
 keywords = {Smartphones, back-of-device interaction, eyes-free interaction, gestures, hybrid input, mobile},
} 

@inproceedings{Reaver:2011:MQU:2021164.2021183,
 author = {Reaver, J. and Stahovich, Thomas. F. and Herold, James.},
 title = {How to {M}ake a {Q}uick\$: {U}sing {H}ierarchical {C}lustering to {I}mprove the {E}fficiency of the {D}ollar {R}ecognizer},
 booktitle = {Proceedings of the Eighth Eurographics Symposium on Sketch-Based Interfaces and Modeling},
 series = {SBIM '11},
 year = {2011},
 isbn = {978-1-4503-0906-6},
 location = {Vancouver, British Columbia, Canada},
 pages = {103--108},
 numpages = {6},
 url = {http://doi.acm.org/10.1145/2021164.2021183},
 doi = {10.1145/2021164.2021183},
 acmid = {2021183},
 publisher = {ACM},
 address = {New York, NY, USA},
} 

@inproceedings{Li:2010:PFA:1753326.1753654,
 author = {Li, Yang},
 title = {Protractor: {A} {F}ast and {A}ccurate {G}esture {R}ecognizer},
 booktitle = {Proceedings of the SIGCHI Conference on Human Factors in Computing Systems},
 series = {CHI '10},
 year = {2010},
 isbn = {978-1-60558-929-9},
 location = {Atlanta, Georgia, USA},
 pages = {2169--2172},
 numpages = {4},
 url = {http://doi.acm.org/10.1145/1753326.1753654},
 doi = {10.1145/1753326.1753654},
 acmid = {1753654},
 publisher = {ACM},
 address = {New York, NY, USA},
 keywords = {gesture recognition, gesture-based interaction, nearest neighbor approach, template-based approach},
} 

@inproceedings{Anthony:2012:NFA:2305276.2305296,
 author = {Anthony, Lisa and Wobbrock, Jacob O.},
 title = {\${N}-{P}rotractor: {A} {F}ast and {A}ccurate {M}ultistroke {R}ecognizer},
 booktitle = {Proceedings of Graphics Interface 2012},
 series = {GI '12},
 year = {2012},
 isbn = {978-1-4503-1420-6},
 location = {Toronto, Ontario, Canada},
 pages = {117--120},
 numpages = {4},
 url = {http://dl.acm.org/citation.cfm?id=2305276.2305296},
 acmid = {2305296},
 publisher = {Canadian Information Processing Society},
 address = {Toronto, Canada},
 keywords = {\$N, evaluation, multistroke gesture recognition, protractor, stroke recognition, template matching},
}

@inproceedings{Herold:2012:CRF:2331067.2331074,
 author = {Herold, James. and Stahovich, Thomas. F.},
 title = {The 1cent {R}ecognizer: {A} {F}ast, {A}ccurate, and {E}asy-to-implement {H}andwritten {G}esture {R}ecognition {T}echnique},
 booktitle = {Proceedings of the International Symposium on Sketch-Based Interfaces and Modeling},
 series = {SBIM '12},
 year = {2012},
 isbn = {978-3-905674-42-2},
 location = {Annecy, France},
 pages = {39--46},
 numpages = {8},
 url = {http://dl.acm.org/citation.cfm?id=2331067.2331074},
 acmid = {2331074},
 publisher = {Eurographics Association},
 address = {Aire-la-Ville, Switzerland, Switzerland},
}

@inproceedings{Vatavu:2012:GPC:2388676.2388732,
 author = {Vatavu, Radu-Daniel and Anthony, Lisa and Wobbrock, Jacob O.},
 title = {Gestures as {P}oint {C}louds: {A} \${P} {R}ecognizer for {U}ser {I}nterface {P}rototypes},
 booktitle = {Proceedings of the 14th ACM International Conference on Multimodal Interaction},
 series = {ICMI '12},
 year = {2012},
 isbn = {978-1-4503-1467-1},
 location = {Santa Monica, California, USA},
 pages = {273--280},
 numpages = {8},
 url = {http://doi.acm.org/10.1145/2388676.2388732},
 doi = {10.1145/2388676.2388732},
 acmid = {2388732},
 publisher = {ACM},
 address = {New York, NY, USA},
 keywords = {\$1, \$n, \$p, comparing classifiers, euclidean, gesture recognition, hausdorff, hungarian, multistrokes, point clouds},
} 

@inproceedings{Taranta:2015:PPB:2788890.2788925,
 author = {Taranta,II, Eugene M. and LaViola,Jr., Joseph J.},
 title = {Penny {P}incher: {A} {B}lazing {F}ast, {H}ighly {A}ccurate \$-family {R}ecognizer},
 booktitle = {Proceedings of the 41st Graphics Interface Conference},
 series = {GI '15},
 year = {2015},
 isbn = {978-0-9947868-0-7},
 location = {Halifax, Nova Scotia, Canada},
 pages = {195--202},
 numpages = {8},
 url = {http://dl.acm.org/citation.cfm?id=2788890.2788925},
 acmid = {2788925},
 publisher = {Canadian Information Processing Society},
 address = {Toronto, Canada},
 keywords = {\$-family, gesture recognition, template matching},
}

@book{Press:1992:NRC:148286,
 author = {Press, William H. and Teukolsky, Saul A. and Vetterling, William T. and Flannery, Brian P.},
 title = {Numerical {R}ecipes in {C} (2{n}d Edition): {T}he {A}rt of {S}cientific {C}omputing},
 year = {1992},
 isbn = {0-521-43108-5},
 publisher = {Cambridge University Press},
 address = {New York, NY, USA},
} 

@inproceedings{Lin:2000:DFT:332040.332486,
 author = {Lin, James and Newman, Mark W. and Hong, Jason I. and Landay, James A.},
 title = {{D}{E}{N}{I}{M}: {F}inding a {T}ighter {F}it {B}etween {T}ools and {P}ractice for {W}eb {S}ite {D}esign},
 booktitle = {Proceedings of the SIGCHI Conference on Human Factors in Computing Systems},
 series = {CHI '00},
 year = {2000},
 isbn = {1-58113-216-6},
 location = {The Hague, The Netherlands},
 pages = {510--517},
 numpages = {8},
 url = {http://doi.acm.org/10.1145/332040.332486},
 doi = {10.1145/332040.332486},
 acmid = {332486},
 publisher = {ACM},
 address = {New York, NY, USA},
 keywords = {Web design, informal, pen-based computers, rapid prototyping, sketching, zooming user interface (ZUI)},
} 

@article{Rettig:1994:PTF:175276.175288,
 author = {Rettig, Marc},
 title = {Prototyping for {T}iny {F}ingers},
 journal = {Communications of the {A}{C}{M}},
 issue_date = {April 1994},
 volume = {37},
 number = {4},
 month = apr,
 year = {1994},
 issn = {0001-0782},
 pages = {21--27},
 numpages = {7},
 url = {http://doi.acm.org/10.1145/175276.175288},
 doi = {10.1145/175276.175288},
 acmid = {175288},
 publisher = {ACM},
 address = {New York, NY, USA},
} 

@inproceedings{Cao:2005:EOA:1089508.1089540,
 author = {Cao, Xiang and Balakrishnan, Ravin},
 title = {Evaluation of an {O}n-line {A}daptive {G}esture {I}nterface with {C}ommand {P}rediction},
 booktitle = {Proceedings of Graphics Interface 2005},
 series = {GI '05},
 year = {2005},
 isbn = {1-56881-265-5},
 location = {Victoria, British Columbia},
 pages = {187--194},
 numpages = {8},
 url = {http://dl.acm.org/citation.cfm?id=1089508.1089540},
 acmid = {1089540},
 publisher = {Canadian Human-Computer Communications Society},
 address = {School of Computer Science, University of Waterloo, Waterloo, Ontario, Canada},
 keywords = {adaptive interfaces, gestures, user studies},
} 

@inproceedings{Wilson:2003:XUI:642611.642706,
 author = {Wilson, Andrew and Shafer, Steven},
 title = {X{W}and: {U}{I} for {I}ntelligent {S}paces},
 booktitle = {Proceedings of the SIGCHI Conference on Human Factors in Computing Systems},
 series = {CHI '03},
 year = {2003},
 isbn = {1-58113-630-7},
 location = {Ft. Lauderdale, Florida, USA},
 pages = {545--552},
 numpages = {8},
 url = {http://doi.acm.org/10.1145/642611.642706},
 doi = {10.1145/642611.642706},
 acmid = {642706},
 publisher = {ACM},
 address = {New York, NY, USA},
 keywords = {Bayesian networks, accelerometer, gesture recognition, intelligent environments, magnetometer, multimodal interfaces, sensing},
} 

@article{Kara:2005:ITS:1652319.1652712,
 author = {Kara, Levent Burak and Stahovich, Thomas F.},
 title = {An {I}mage-based, {T}rainable {S}ymbol {R}ecognizer for {H}and-drawn {S}ketches},
 journal = {Comput. Graph.},
 issue_date = {August, 2005},
 volume = {29},
 number = {4},
 month = aug,
 year = {2005},
 issn = {0097-8493},
 pages = {501--517},
 numpages = {17},
 url = {http://dx.doi.org/10.1016/j.cag.2005.05.004},
 doi = {10.1016/j.cag.2005.05.004},
 acmid = {1652712},
 publisher = {Pergamon Press, Inc.},
 address = {Elmsford, NY, USA},
 keywords = {Hausdorff distance, Pattern recognition, Pen computing, Polar transform, Sketch understanding, Symbol recognition, Tanimoto coefficient, Yule coefficient},
} 

@inproceedings{Kristensson:2004:SLV:1029632.1029640,
 author = {Kristensson, Per-Ola and Zhai, Shumin},
 title = {S{H}{A}{R}{K}2: {A} {L}arge {V}ocabulary {S}horthand {W}riting {S}ystem for {P}en-based {C}omputers},
 booktitle = {Proceedings of the 17th Annual ACM Symposium on User Interface Software and Technology},
 series = {UIST '04},
 year = {2004},
 isbn = {1-58113-957-8},
 location = {Santa Fe, NM, USA},
 pages = {43--52},
 numpages = {10},
 url = {http://doi.acm.org/10.1145/1029632.1029640},
 doi = {10.1145/1029632.1029640},
 acmid = {1029640},
 publisher = {ACM},
 address = {New York, NY, USA},
 keywords = {gesture recognition, shorthand, shorthand recognition, stenography, text input},
} 

@article{Plamondon:2000:OOH:331097.331275,
 author = {Plamondon, R{\'e}jean and Srihari, Sargur N.},
 title = {On-{L}ine and {O}ff-{L}ine {H}andwriting {R}ecognition: {A} {C}omprehensive {S}urvey},
 journal = {IEEE Transactions on Pattern Analysis and Machine Intelligence},
 issue_date = {January 2000},
 volume = {22},
 number = {1},
 month = jan,
 year = {2000},
 issn = {0162-8828},
 pages = {63--84},
 numpages = {22},
 url = {http://dx.doi.org/10.1109/34.824821},
 doi = {10.1109/34.824821},
 acmid = {331275},
 publisher = {IEEE Computer Society},
 address = {Washington, DC, USA},
 keywords = {Handwriting recognition, on-line, off-line, written language, signature verification, cursive script, handwriting learning tools, writer authentification.},
} 

@article{Tappert:1990:SAO:83123.83137,
 author = {Tappert, Charles. C. and Suen, Ching. Y. and Wakahara, Toru.},
 title = {The {S}tate of the {A}rt in {O}nline {H}andwriting {R}ecognition},
 journal = {IEEE Transactions on Pattern Analysis and Machine Intelligence},
 issue_date = {August 1990},
 volume = {12},
 number = {8},
 month = aug,
 year = {1990},
 issn = {0162-8828},
 pages = {787--808},
 numpages = {22},
 url = {http://dx.doi.org/10.1109/34.57669},
 doi = {10.1109/34.57669},
 acmid = {83137},
 publisher = {IEEE Computer Society},
 address = {Washington, DC, USA},
 keywords = {character recognition, digitizer technology, offline recognition, online handwriting recognition, postprocessing, preprocessing, shape recognition, user interfaces},
} 

@inproceedings{Zhai:2003:SWS:642611.642630,
 author = {Zhai, Shumin and Kristensson, Per-Ola},
 title = {Shorthand {W}riting on {S}tylus {K}eyboard},
 booktitle = {Proceedings of the SIGCHI Conference on Human Factors in Computing Systems},
 series = {CHI '03},
 year = {2003},
 isbn = {1-58113-630-7},
 location = {Ft. Lauderdale, Florida, USA},
 pages = {97--104},
 numpages = {8},
 url = {http://doi.acm.org/10.1145/642611.642630},
 doi = {10.1145/642611.642630},
 acmid = {642630},
 publisher = {ACM},
 address = {New York, NY, USA},
 keywords = {handheld devices, mobile, pervasive computing, text input, text-entry},
} 

@inproceedings{Taranta:2016:RPA:2984511.2984525,
 author = {Taranta,II, Eugene M. and Maghoumi, Mehran and Pittman, Corey R. and LaViola,Jr., Joseph J.},
 title = {A {R}apid {P}rototyping {A}pproach to {S}ynthetic {D}ata {G}eneration for {I}mproved 2{D} {G}esture {R}ecognition},
 booktitle = {Proceedings of the 29th Annual Symposium on User Interface Software and Technology},
 series = {UIST '16},
 year = {2016},
 isbn = {978-1-4503-4189-9},
 location = {Tokyo, Japan},
 pages = {873--885},
 numpages = {13},
 url = {http://doi.acm.org/10.1145/2984511.2984525},
 doi = {10.1145/2984511.2984525},
 acmid = {2984525},
 publisher = {ACM},
 address = {New York, NY, USA},
 keywords = {gesture path, gesture recognition, rapid prototyping, stochastic resampling, synthetic gestures},
} 

@inproceedings{conf/iccv/NavaratnamFC07,
  added-at = {2016-05-12T00:00:00.000+0200},
  author = {Navaratnam, Ramanan and Fitzgibbon, Andrew W. and Cipolla, Roberto},
  biburl = {http://www.bibsonomy.org/bibtex/22788d780362dbbd56a15142a27a253dd/dblp},
  booktitle = {International Conference on Computer Vision},
  crossref = {conf/iccv/2007},
  ee = {http://doi.ieeecomputersociety.org/10.1109/ICCV.2007.4408976},
  interhash = {3d067ea3e7df29192647d091c6b39bbe},
  intrahash = {2788d780362dbbd56a15142a27a253dd},
  isbn = {978-1-4244-1631-8},
  keywords = {dblp},
  pages = {1-8},
  publisher = {IEEE Computer Society},
  timestamp = {2016-05-13T12:15:38.000+0200},
  title = {The {J}oint {M}anifold {M}odel for {S}emi-supervised {M}ulti-valued {R}egression.},
  url = {http://dblp.uni-trier.de/db/conf/iccv/iccv2007.html#NavaratnamFC07},
  year = 2007
}

@inproceedings{Shotton:2011:RHP:2191740.2192047,
 author = {Shotton, James. and Fitzgibbon, Andrew. and Cook, Mat. and Sharp, Toby. and Finocchio, Mark. and Moore, Richard. and Kipman, Alex. and Blake, Andrew.},
 title = {Real-time {H}uman {P}ose {R}ecognition in {P}arts from {S}ingle {D}epth {I}mages},
 booktitle = {Proceedings of the 2011 IEEE Conference on Computer Vision and Pattern Recognition},
 series = {CVPR '11},
 year = {2011},
 isbn = {978-1-4577-0394-2},
 pages = {1297--1304},
 numpages = {8},
 url = {http://dx.doi.org/10.1109/CVPR.2011.5995316},
 doi = {10.1109/CVPR.2011.5995316},
 acmid = {2192047},
 publisher = {IEEE Computer Society},
 address = {Washington, DC, USA},
 keywords = {whole-skeleton nearest neighbor matching, real-time human pose recognition, 3D positions, single depth image, object recognition approach, intermediate body parts representation, pose estimation problem, simpler per-pixel classification problem, confidence-scored 3D proposals},
} 

@MISC{Galbally_syntheticgeneration,
    author = {Javier Galbally and Julian Fierrez and Marcos Martinez-diaz and Javier Ortega-garcia},
    title = {Synthetic {G}eneration of {H}andwritten {S}ignatures {B}ased on {S}pectral {A}nalysis},
		booktitle = {SPIE Defense, Security, and Sensing, International Society for Optics and Photonics},
		pages = {730629--730629},
    year = {2009}
}

@inproceedings{Lundin:2002:SFD:646280.687684,
 author = {Lundin, Emilie and Kvarnstr\"{o}m, H{\aa}kan and Jonsson, Erland},
 title = {A {S}ynthetic {F}raud {D}ata {G}eneration {M}ethodology},
 booktitle = {Proceedings of the 4th International Conference on Information and Communications Security},
 series = {ICICS '02},
 year = {2002},
 isbn = {3-540-00164-6},
 pages = {265--277},
 numpages = {13},
 url = {http://dl.acm.org/citation.cfm?id=646280.687684},
 acmid = {687684},
 publisher = {Springer-Verlag},
 address = {London, UK, UK},
 keywords = {data generation methodology, fraud detection, synthetic test data, system simulation, user simulation},
} 

@inproceedings{Gatos:2005:SAK:1106779.1106876,
 author = {Gatos, Basilis. and Konidaris, Thomas. and Ntzios, K. and Pratikakis, Ioannis. and Perantonis, Stavros. J.},
 title = {A {S}egmentation-free {A}pproach for {K}eyword {S}earch in {H}istorical {T}ypewritten {D}ocuments},
 booktitle = {Proceedings of the Eighth International Conference on Document Analysis and Recognition},
 series = {ICDAR '05},
 year = {2005},
 isbn = {0-7695-2420-6},
 pages = {54--58},
 numpages = {5},
 url = {http://dx.doi.org/10.1109/ICDAR.2005.30},
 doi = {10.1109/ICDAR.2005.30},
 acmid = {1106876},
 publisher = {IEEE Computer Society},
 address = {Washington, DC, USA},
} 

@article{Rodriguez-Serrano:2012:SQH:2240326.2240755,
 author = {Rodriguez-Serrano, Jose A. and Perronnin, Florent},
 title = {Synthesizing {Q}ueries for {H}andwritten {W}ord {I}mage {R}etrieval},
 journal = {Pattern Recognition},
 issue_date = {September, 2012},
 volume = {45},
 number = {9},
 month = sep,
 year = {2012},
 issn = {0031-3203},
 pages = {3270--3276},
 numpages = {7},
 url = {http://dx.doi.org/10.1016/j.patcog.2012.02.015},
 doi = {10.1016/j.patcog.2012.02.015},
 acmid = {2240755},
 publisher = {Elsevier Science Inc.},
 address = {New York, NY, USA},
 keywords = {Data synthesis, Handwriting recognition, Hidden Markov models, Word-spotting},
} 

@inproceedings{Fischer:2013:GLS:2501115.2501123,
 author = {Fischer, Andreas and Visani, Muriel and Kieu, Van Cuong and Suen, Ching Y.},
 title = {Generation of {L}earning {S}amples for {H}istorical {H}andwriting {R}ecognition {U}sing {I}mage {D}egradation},
 booktitle = {Proceedings of the 2{n}d International Workshop on Historical Document Imaging and Processing},
 series = {HIP '13},
 year = {2013},
 isbn = {978-1-4503-2115-0},
 location = {Washington, District of Columbia, USA},
 pages = {73--79},
 numpages = {7},
 url = {http://doi.acm.org/10.1145/2501115.2501123},
 doi = {10.1145/2501115.2501123},
 acmid = {2501123},
 publisher = {ACM},
 address = {New York, NY, USA},
 keywords = {handwriting recognition, hidden Markov models, historical documents, image degradation, learning sample generation, synthetic images},
} 

@article{Perlin:1985:IS:325165.325247,
 author = {Perlin, Ken},
 title = {An {I}mage {S}ynthesizer},
 journal = {SIGGRAPH Computer Graphics},
 issue_date = {Jul. 1985},
 volume = {19},
 number = {3},
 month = jul,
 year = {1985},
 issn = {0097-8930},
 pages = {287--296},
 numpages = {10},
 url = {http://doi.acm.org/10.1145/325165.325247},
 doi = {10.1145/325165.325247},
 acmid = {325247},
 publisher = {ACM},
 address = {New York, NY, USA},
 keywords = {algorithm development, fire, functional composition, interactive, pixel stream editor, solid texture, space function, stochastic modelling, turbulence, waves},
} 

@article{SigmaLognormal,
	auther = {Plamondon, R., and Djioua, M.},
	title = {A multi-level representation paradigm for handwriting stroke generation},
	journal = {Human movement science 25, 4},
	pages = {586--607},
	year = {2006},
}

@article{110003743975,
author="俊之, 増井",
title="予測/例示インタフェースの研究動向 (特集 インタラクティブソフトウェア)",
journal="コンピュータソフトウェア",
ISSN="02896540",
publisher="一般社団法人日本ソフトウェア科学会",
year="1997",
month="may",
volume="14",
number="3",
pages="220-235",
URL="http://ci.nii.ac.jp/naid/110003743975/",
DOI="",
}

@inproceedings{Pittman:2016:FFA:2856767.2856808,
 author = {Pittman, Corey and Taranta II, Eugene M. and LaViola,Jr., Joseph J.},
 title = {A \$-{F}amily {F}riendly {A}pproach to {P}rototype {S}election},
 booktitle = {Proceedings of the 21st International Conference on Intelligent User Interfaces},
 series = {IUI '16},
 year = {2016},
 isbn = {978-1-4503-4137-0},
 location = {Sonoma, California, USA},
 pages = {370--374},
 numpages = {5},
 url = {http://doi.acm.org/10.1145/2856767.2856808},
 doi = {10.1145/2856767.2856808},
 acmid = {2856808},
 publisher = {ACM},
 address = {New York, NY, USA},
 keywords = {classifier, gesture recognition, rapid prototyping, user interfaces},
} 

@inproceedings{Vatavu:2012:OAF:2166966.2167022,
 author = {Vatavu, Radu-Daniel},
 title = {1{F}: {O}ne {A}ccessory {F}eature {D}esign for {G}esture {R}ecognizers},
 booktitle = {Proceedings of the 2012 ACM International Conference on Intelligent User Interfaces},
 series = {IUI '12},
 year = {2012},
 isbn = {978-1-4503-1048-2},
 location = {Lisbon, Portugal},
 pages = {297--300},
 numpages = {4},
 url = {http://doi.acm.org/10.1145/2166966.2167022},
 doi = {10.1145/2166966.2167022},
 acmid = {2167022},
 publisher = {ACM},
 address = {New York, NY, USA},
 keywords = {classification, comparing classifiers, feature selection, gesture descriptors, gesture recognition, nearest neighbor, pruning, training set},
} 

@article{Park:2009:SFA:1464526.1465112,
 author = {Park, Hae-Sang and Jun, Chi-Hyuck},
 title = {A {S}imple and {F}ast {A}lgorithm for {K}-medoids {C}lustering},
 journal = {Expert System With Application},
 issue_date = {March, 2009},
 volume = {36},
 number = {2},
 month = mar,
 year = {2009},
 issn = {0957-4174},
 pages = {3336--3341},
 numpages = {6},
 url = {http://dx.doi.org/10.1016/j.eswa.2008.01.039},
 doi = {10.1016/j.eswa.2008.01.039},
 acmid = {1465112},
 publisher = {Pergamon Press, Inc.},
 address = {Tarrytown, NY, USA},
 keywords = {Clustering, K-means, K-medoids, Rand index},
} 

@INPROCEEDINGS{Department94prototypeand,
    author = {David Skalak Department and David B. Skalak},
    title = {Prototype and {F}eature {S}election by {S}ampling and {R}andom {M}utation {H}ill {C}limbing {A}lgorithms},
    booktitle = {Machine Learning: Proceedings of the Eleventh International Conference},
    year = {1994},
    pages = {293--301},
    publisher = {Morgan Kaufmann}
}

@INPROCEEDINGS{Tian_kinwrite:handwriting-based,
    author = {Jing Tian and Chengzhang Qu and Wenyuan Xu and Song Wang},
    title = {Kin{W}rite: {H}andwriting-{B}ased {A}uthentication {U}sing {K}inect},
		booktitle = {Proceedings of the 20th Annual Network and Distributed System Security Symposium},
    year = {2013}
}

@inproceedings{Ruiz:2011:UMG:1978942.1978971,
 author = {Ruiz, Jaime and Li, Yang and Lank, Edward},
 title = {User-defined Motion Gestures for Mobile Interaction},
 booktitle = {Proceedings of the SIGCHI Conference on Human Factors in Computing Systems},
 series = {CHI '11},
 year = {2011},
 isbn = {978-1-4503-0228-9},
 location = {Vancouver, BC, Canada},
 pages = {197--206},
 numpages = {10},
 url = {http://doi.acm.org/10.1145/1978942.1978971},
 doi = {10.1145/1978942.1978971},
 acmid = {1978971},
 publisher = {ACM},
 address = {New York, NY, USA},
 keywords = {mobile interaction, motion gestures, sensors},
} 

@inproceedings{Lu:2011:GAT:1978942.1978972,
 author = {L\"{u}, Hao and Li, Yang},
 title = {Gesture {A}vatar: {A} {T}echnique for {O}perating {M}obile {U}ser {I}nterfaces {U}sing {G}estures},
 booktitle = {Proceedings of the SIGCHI Conference on Human Factors in Computing Systems},
 series = {CHI '11},
 year = {2011},
 isbn = {978-1-4503-0228-9},
 location = {Vancouver, BC, Canada},
 pages = {207--216},
 numpages = {10},
 url = {http://doi.acm.org/10.1145/1978942.1978972},
 doi = {10.1145/1978942.1978972},
 acmid = {1978972},
 publisher = {ACM},
 address = {New York, NY, USA},
 keywords = {finger-based touch input, gestures, mobile devices, target acquisition, touchscreens},
} 

@inproceedings{Li:2010:GST:1866029.1866044,
 author = {Li, Yang},
 title = {Gesture {S}earch: {A} {T}ool for {F}ast {M}obile {D}ata {A}ccess},
 booktitle = {Proceedings of the 23{r}d Annual ACM Symposium on User Interface Software and Technology},
 series = {UIST '10},
 year = {2010},
 isbn = {978-1-4503-0271-5},
 location = {New York, New York, USA},
 pages = {87--96},
 numpages = {10},
 url = {http://doi.acm.org/10.1145/1866029.1866044},
 doi = {10.1145/1866029.1866044},
 acmid = {1866044},
 publisher = {ACM},
 address = {New York, NY, USA},
 keywords = {gesture-based interaction, hidden markov models, mobile computing, search, shortcuts},
} 

@inproceedings{Moran:1997:PIT:263407.263508,
 author = {Moran, Thomas P. and Chiu, Patrick and van Melle, William},
 title = {Pen-based {I}nteraction {T}echniques for {O}rganizing {M}aterial on an {E}lectronic {W}hiteboard},
 booktitle = {Proceedings of the 10th Annual ACM Symposium on User Interface Software and Technology},
 series = {UIST '97},
 year = {1997},
 isbn = {0-89791-881-9},
 location = {Banff, Alberta, Canada},
 pages = {45--54},
 numpages = {10},
 url = {http://doi.acm.org/10.1145/263407.263508},
 doi = {10.1145/263407.263508},
 acmid = {263508},
 publisher = {ACM},
 address = {New York, NY, USA},
 keywords = {emergent structure, freeform interaction, gestural interfaces, implicit structure, informal systems, list structures, meeting support tools, pen-based systems, recognitin-based systems, structural grouping, user interface design, whiteboard metaphor},
} 

@inproceedings{Hinckley:2007:ISS:1240624.1240666,
 author = {Hinckley, Ken and Zhao, Shengdong and Sarin, Raman and Baudisch, Patrick and Cutrell, Edward and Shilman, Michael and Tan, Desney},
 title = {InkSeine: {I}n {S}itu {S}earch for {A}ctive {N}ote {T}aking},
 booktitle = {Proceedings of the SIGCHI Conference on Human Factors in Computing Systems},
 series = {CHI '07},
 year = {2007},
 isbn = {978-1-59593-593-9},
 location = {San Jose, California, USA},
 pages = {251--260},
 numpages = {10},
 url = {http://doi.acm.org/10.1145/1240624.1240666},
 doi = {10.1145/1240624.1240666},
 acmid = {1240666},
 publisher = {ACM},
 address = {New York, NY, USA},
 keywords = {gestures, handwriting, ink, input, pen, search, tablet},
} 

@inproceedings{Appert:2009:USC:1518701.1519052,
 author = {Appert, Caroline and Zhai, Shumin},
 title = {Using {S}trokes {A}s {C}ommand {S}hortcuts: {C}ognitive {B}enefits and {T}oolkit {S}upport},
 booktitle = {Proceedings of the SIGCHI Conference on Human Factors in Computing Systems},
 series = {CHI '09},
 year = {2009},
 isbn = {978-1-60558-246-7},
 location = {Boston, MA, USA},
 pages = {2289--2298},
 numpages = {10},
 url = {http://doi.acm.org/10.1145/1518701.1519052},
 doi = {10.1145/1518701.1519052},
 acmid = {1519052},
 publisher = {ACM},
 address = {New York, NY, USA},
 keywords = {gesture, shortcuts, stroke, toolkit},
} 

@article{Liao:2008:PGC:1314683.1314686,
 author = {Liao, Chunyuan and Guimbreti\`{e}re, Fran\c{c}ois and Hinckley, Ken and Hollan, Jim},
 title = {Papiercraft: {A} {G}esture-based {C}ommand {S}ystem for {I}nteractive {P}aper},
 journal = {ACM Transactions on Computer-Human Interacttion},
 issue_date = {January 2008},
 volume = {14},
 number = {4},
 month = jan,
 year = {2008},
 issn = {1073-0516},
 pages = {18:1--18:27},
 articleno = {18},
 numpages = {27},
 url = {http://doi.acm.org/10.1145/1314683.1314686},
 doi = {10.1145/1314683.1314686},
 acmid = {1314686},
 publisher = {ACM},
 address = {New York, NY, USA},
 keywords = {Paper interfaces, distributed systems, gesture-based interfaces, marking interfaces, paper-augmented digital documents, tablet computers, ubiquitous computing},
} 

@inproceedings{Zeleznik:2008:LCD:1449715.1449741,
 author = {Zeleznik, Robert C. and Bragdon, Andrew and Liu, Chu-Chi and Forsberg, Andrew},
 title = {Lineogrammer: {C}reating {D}iagrams by {D}rawing},
 booktitle = {Proceedings of the 21st Annual ACM Symposium on User Interface Software and Technology},
 series = {UIST '08},
 year = {2008},
 isbn = {978-1-59593-975-3},
 location = {Monterey, CA, USA},
 pages = {161--170},
 numpages = {10},
 url = {http://doi.acm.org/10.1145/1449715.1449741},
 doi = {10.1145/1449715.1449741},
 acmid = {1449741},
 publisher = {ACM},
 address = {New York, NY, USA},
 keywords = {alignment, beautification, diagram, disambiguation, drawing, gesture, handwriting, pen, pen-centric, pressure, recognition, ruler, sketching, snapping, symmetry},
} 

@inproceedings{Kurtenbach:1993:LEP:164632.164977,
 author = {Kurtenbach, Gordon and Buxton, William},
 title = {The {L}imits of {E}xpert {P}erformance {U}sing {H}ierarchic {M}arking {M}enus},
 booktitle = {Proceedings of the INTERCHI '93 Conference on Human Factors in Computing Systems},
 series = {INTERCHI '93},
 year = {1993},
 isbn = {90-5199-133-9},
 location = {Amsterdam, The Netherlands},
 pages = {482--487},
 numpages = {6},
 url = {http://dl.acm.org/citation.cfm?id=164632.164977},
 acmid = {164977},
 publisher = {IOS Press},
 address = {Amsterdam, The Netherlands, The Netherlands},
} 
